<record><leader>00000cas a22000007a 4500</leader><controlfield tag="001">32777223</controlfield><controlfield tag="008">950707u1970uuuuohumr ne      0    0eng d</controlfield><datafield ind1=" " ind2=" " tag="010"><subfield code="a">sn 95063986 </subfield></datafield><datafield ind1=" " ind2=" " tag="040"><subfield code="a">CNW</subfield><subfield code="b">eng</subfield><subfield code="c">CNW</subfield><subfield code="d">OCLCQ</subfield><subfield code="d">OCLCF</subfield><subfield code="d">OCLCO</subfield></datafield><datafield ind1="1" ind2=" " tag="029"><subfield code="a">AU@</subfield><subfield code="b">000011782733</subfield></datafield><datafield ind1=" " ind2=" " tag="042"><subfield code="a">msc</subfield></datafield><datafield ind1=" " ind2=" " tag="043"><subfield code="a">n-us-oh</subfield></datafield><datafield ind1="0" ind2="0" tag="245"><subfield code="a">Tosna&#771;n.</subfield></datafield><datafield ind1="3" ind2="0" tag="246"><subfield code="a">Shawandasse/south wind people</subfield></datafield><datafield ind1="3" ind2="0" tag="246"><subfield code="a">American Indian people's news</subfield></datafield><datafield ind1=" " ind2=" " tag="260"><subfield code="a">Xenia, Ohio :</subfield><subfield code="b">Shawnee Nation</subfield></datafield><datafield ind1=" " ind2=" " tag="300"><subfield code="a">v.</subfield></datafield><datafield ind1=" " ind2=" " tag="310"><subfield code="a">Monthly</subfield></datafield><datafield ind1="1" ind2=" " tag="362"><subfield code="a">Began in 1970.</subfield></datafield><datafield ind1=" " ind2=" " tag="500"><subfield code="a">Editor: Tukemas/J.L. Hawk Pope.</subfield></datafield><datafield ind1=" " ind2=" " tag="550"><subfield code="a">Official organ of: the Shawnee Nation United Remnant Band.</subfield></datafield><datafield ind1=" " ind2=" " tag="588"><subfield code="a">Description based on: May 1978.</subfield></datafield><datafield ind1=" " ind2="0" tag="650"><subfield code="a">Shawnee Indians</subfield><subfield code="v">Newspapers.</subfield></datafield><datafield ind1=" " ind2="0" tag="651"><subfield code="a">Xenia (Ohio)</subfield><subfield code="v">Newspapers.</subfield></datafield><datafield ind1=" " ind2="7" tag="655"><subfield code="a">Newspapers.</subfield><subfield code="2">fast</subfield><subfield code="0">(OCoLC)fst01423814</subfield></datafield><datafield ind1=" " ind2="7" tag="650"><subfield code="a">Shawnee Indians.</subfield><subfield code="2">fast</subfield><subfield code="0">(OCoLC)fst01115386</subfield></datafield><datafield ind1=" " ind2="7" tag="651"><subfield code="a">Ohio</subfield><subfield code="z">Xenia.</subfield><subfield code="2">fast</subfield><subfield code="0">(OCoLC)fst01222784</subfield></datafield><datafield ind1=" " ind2=" " tag="752"><subfield code="a">United States</subfield><subfield code="b">Ohio</subfield><subfield code="c">Greene</subfield><subfield code="d">Xenia.</subfield></datafield></record>